<record><leader>00000cas a22000007a 4500</leader><controlfield tag="001">12605578</controlfield><controlfield tag="008">850926d18721874iaucr ne      0    0eng d</controlfield><datafield ind1=" " ind2=" " tag="010"><subfield code="a">sn 85049766 </subfield></datafield><datafield ind1=" " ind2=" " tag="040"><subfield code="a">INP</subfield><subfield code="b">eng</subfield><subfield code="c">INP</subfield><subfield code="d">OCLCQ</subfield></datafield><datafield ind1=" " ind2=" " tag="042"><subfield code="a">msc</subfield></datafield><datafield ind1="0" ind2="4" tag="245"><subfield code="a">The Semi-weekly register.</subfield></datafield><datafield ind1="1" ind2="3" tag="246"><subfield code="a">Marion register</subfield><subfield code="f">&lt;July 7, 1874&gt;</subfield></datafield><datafield ind1=" " ind2=" " tag="260"><subfield code="a">Marion, Iowa :</subfield><subfield code="b">[S.W. Rathbun],</subfield><subfield code="c">1872-</subfield></datafield><datafield ind1=" " ind2=" " tag="300"><subfield code="a">v. :</subfield><subfield code="b">ill. (chiefly advertisements)</subfield></datafield><datafield ind1=" " ind2=" " tag="310"><subfield code="a">Semiweekly</subfield></datafield><datafield ind1="0" ind2=" " tag="362"><subfield code="a">Vol. 1, no. 1 (Jan. 5, 1872)-</subfield></datafield><datafield ind1="1" ind2=" " tag="362"><subfield code="a">Ceased in 1874?</subfield><subfield code="z">Cf. Bibl. of Iowa newspapers.</subfield></datafield><datafield ind1=" " ind2=" " tag="500"><subfield code="a">"Truth, Justice and Equality."</subfield></datafield><datafield ind1=" " ind2=" " tag="500"><subfield code="a">Editor: S.W. Rathbun, Jan. 5, 1872-&lt;July 7, 1874&gt;.</subfield></datafield><datafield ind1=" " ind2=" " tag="752"><subfield code="a">United States</subfield><subfield code="b">Iowa</subfield><subfield code="c">Linn</subfield><subfield code="d">Marion.</subfield></datafield><datafield ind1="0" ind2=" " tag="775"><subfield code="t">Marion weekly register</subfield><subfield code="w">(DLC)sn 84038312</subfield></datafield><datafield ind1="1" ind2=" " tag="029"><subfield code="a">AU@</subfield><subfield code="b">000025784725</subfield></datafield></record>